%YAML 1.1
%TAG !u! tag:unity3d.com,2011:
--- !u!1 &1565345954992191879
GameObject:
  m_ObjectHideFlags: 0
  m_CorrespondingSourceObject: {fileID: 0}
  m_PrefabInstance: {fileID: 0}
  m_PrefabAsset: {fileID: 0}
  serializedVersion: 6
  m_Component:
  - component: {fileID: 1565345954992191877}
  - component: {fileID: 1565345954992191878}
  - component: {fileID: 205738607408844917}
  m_Layer: 0
  m_Name: P_House
  m_TagString: Untagged
  m_Icon: {fileID: 0}
  m_NavMeshLayer: 0
  m_StaticEditorFlags: 0
  m_IsActive: 1
--- !u!4 &1565345954992191877
Transform:
  m_ObjectHideFlags: 0
  m_CorrespondingSourceObject: {fileID: 0}
  m_PrefabInstance: {fileID: 0}
  m_PrefabAsset: {fileID: 0}
  m_GameObject: {fileID: 1565345954992191879}
  m_LocalRotation: {x: 0, y: 0, z: 0, w: 1}
  m_LocalPosition: {x: 16.556, y: -0.658, z: -0.027}
  m_LocalScale: {x: 1, y: 1, z: 1}
  m_Children:
  - {fileID: 5819650262766782851}
  - {fileID: 5819650263114056595}
  - {fileID: 5819650263024940194}
  - {fileID: 5819650262974391648}
  - {fileID: 6445048358034887826}
  - {fileID: 1686906241188134765}
  - {fileID: 8508944541446345937}
  - {fileID: 1247306863857326879}
  m_Father: {fileID: 0}
  m_RootOrder: 0
  m_LocalEulerAnglesHint: {x: 0, y: 0, z: 0}
--- !u!95 &1565345954992191878
Animator:
  serializedVersion: 3
  m_ObjectHideFlags: 0
  m_CorrespondingSourceObject: {fileID: 0}
  m_PrefabInstance: {fileID: 0}
  m_PrefabAsset: {fileID: 0}
  m_GameObject: {fileID: 1565345954992191879}
  m_Enabled: 1
  m_Avatar: {fileID: 0}
  m_Controller: {fileID: 9100000, guid: 7d306a9d9de757744a283c0e8a676495, type: 2}
  m_CullingMode: 0
  m_UpdateMode: 0
  m_ApplyRootMotion: 0
  m_LinearVelocityBlending: 0
  m_WarningMessage: 
  m_HasTransformHierarchy: 1
  m_AllowConstantClipSamplingOptimization: 1
  m_KeepAnimatorControllerStateOnDisable: 0
--- !u!114 &205738607408844917
MonoBehaviour:
  m_ObjectHideFlags: 0
  m_CorrespondingSourceObject: {fileID: 0}
  m_PrefabInstance: {fileID: 0}
  m_PrefabAsset: {fileID: 0}
  m_GameObject: {fileID: 1565345954992191879}
  m_Enabled: 1
  m_EditorHideFlags: 0
  m_Script: {fileID: 11500000, guid: 4ddd2f557b1d94e4f9a324eea33e39d3, type: 3}
  m_Name: 
  m_EditorClassIdentifier: 
  Go_HouseArea: {fileID: 5552678829030469599}
  IsBuild: 0
--- !u!1 &5552678829030469599
GameObject:
  m_ObjectHideFlags: 0
  m_CorrespondingSourceObject: {fileID: 0}
  m_PrefabInstance: {fileID: 0}
  m_PrefabAsset: {fileID: 0}
  serializedVersion: 6
  m_Component:
  - component: {fileID: 1247306863857326879}
  - component: {fileID: 5168459458983677633}
  m_Layer: 0
  m_Name: GameObject
  m_TagString: Untagged
  m_Icon: {fileID: 0}
  m_NavMeshLayer: 0
  m_StaticEditorFlags: 0
  m_IsActive: 1
--- !u!4 &1247306863857326879
Transform:
  m_ObjectHideFlags: 0
  m_CorrespondingSourceObject: {fileID: 0}
  m_PrefabInstance: {fileID: 0}
  m_PrefabAsset: {fileID: 0}
  m_GameObject: {fileID: 5552678829030469599}
  m_LocalRotation: {x: 0, y: 0, z: 0, w: 1}
  m_LocalPosition: {x: 0, y: 0, z: 0}
  m_LocalScale: {x: 1, y: 1, z: 1}
  m_Children: []
  m_Father: {fileID: 1565345954992191877}
  m_RootOrder: 7
  m_LocalEulerAnglesHint: {x: 0, y: 0, z: 0}
--- !u!65 &5168459458983677633
BoxCollider:
  m_ObjectHideFlags: 0
  m_CorrespondingSourceObject: {fileID: 0}
  m_PrefabInstance: {fileID: 0}
  m_PrefabAsset: {fileID: 0}
  m_GameObject: {fileID: 5552678829030469599}
  m_Material: {fileID: 0}
  m_IsTrigger: 1
  m_Enabled: 1
  serializedVersion: 2
  m_Size: {x: 15, y: 3, z: 15}
  m_Center: {x: 0, y: 1.5, z: 0}
--- !u!1001 &1565345954031248025
PrefabInstance:
  m_ObjectHideFlags: 0
  serializedVersion: 2
  m_Modification:
    m_TransformParent: {fileID: 1565345954992191877}
    m_Modifications:
    - target: {fileID: -5178661895559278292, guid: 5b4ecb51f487c6147a84c6f5fa42252c,
        type: 3}
      propertyPath: m_Mesh
      value: 
      objectReference: {fileID: -2232952877369940510, guid: 78859c74fab69934ebb6bd96fc056abb,
        type: 3}
    - target: {fileID: -4216859302048453862, guid: 5b4ecb51f487c6147a84c6f5fa42252c,
        type: 3}
      propertyPath: m_LocalPosition.x
      value: 0.9419994
      objectReference: {fileID: 0}
    - target: {fileID: -4216859302048453862, guid: 5b4ecb51f487c6147a84c6f5fa42252c,
        type: 3}
      propertyPath: m_LocalPosition.y
      value: -0.014
      objectReference: {fileID: 0}
    - target: {fileID: -4216859302048453862, guid: 5b4ecb51f487c6147a84c6f5fa42252c,
        type: 3}
      propertyPath: m_LocalPosition.z
      value: -0.907
      objectReference: {fileID: 0}
    - target: {fileID: -4216859302048453862, guid: 5b4ecb51f487c6147a84c6f5fa42252c,
        type: 3}
      propertyPath: m_LocalRotation.x
      value: -0.7071068
      objectReference: {fileID: 0}
    - target: {fileID: -4216859302048453862, guid: 5b4ecb51f487c6147a84c6f5fa42252c,
        type: 3}
      propertyPath: m_LocalRotation.y
      value: -0
      objectReference: {fileID: 0}
    - target: {fileID: -4216859302048453862, guid: 5b4ecb51f487c6147a84c6f5fa42252c,
        type: 3}
      propertyPath: m_LocalRotation.z
      value: -0
      objectReference: {fileID: 0}
    - target: {fileID: -4216859302048453862, guid: 5b4ecb51f487c6147a84c6f5fa42252c,
        type: 3}
      propertyPath: m_LocalRotation.w
      value: 0.7071068
      objectReference: {fileID: 0}
    - target: {fileID: -4216859302048453862, guid: 5b4ecb51f487c6147a84c6f5fa42252c,
        type: 3}
      propertyPath: m_RootOrder
      value: 0
      objectReference: {fileID: 0}
    - target: {fileID: -4216859302048453862, guid: 5b4ecb51f487c6147a84c6f5fa42252c,
        type: 3}
      propertyPath: m_LocalEulerAnglesHint.x
      value: 0
      objectReference: {fileID: 0}
    - target: {fileID: -4216859302048453862, guid: 5b4ecb51f487c6147a84c6f5fa42252c,
        type: 3}
      propertyPath: m_LocalEulerAnglesHint.y
      value: 0
      objectReference: {fileID: 0}
    - target: {fileID: -4216859302048453862, guid: 5b4ecb51f487c6147a84c6f5fa42252c,
        type: 3}
      propertyPath: m_LocalEulerAnglesHint.z
      value: 0
      objectReference: {fileID: 0}
    - target: {fileID: -1504981713932161579, guid: 5b4ecb51f487c6147a84c6f5fa42252c,
        type: 3}
      propertyPath: m_Materials.Array.data[0]
      value: 
      objectReference: {fileID: 2100000, guid: e1e0b65a33938bd48b9773985479c3f8, type: 2}
    - target: {fileID: -927199367670048503, guid: 5b4ecb51f487c6147a84c6f5fa42252c,
        type: 3}
      propertyPath: m_Name
      value: Pilar (1)
      objectReference: {fileID: 0}
    m_RemovedComponents: []
  m_SourcePrefab: {fileID: 100100000, guid: 5b4ecb51f487c6147a84c6f5fa42252c, type: 3}
--- !u!4 &5819650262766782851 stripped
Transform:
  m_CorrespondingSourceObject: {fileID: -4216859302048453862, guid: 5b4ecb51f487c6147a84c6f5fa42252c,
    type: 3}
  m_PrefabInstance: {fileID: 1565345954031248025}
  m_PrefabAsset: {fileID: 0}
--- !u!1001 &1565345954222132858
PrefabInstance:
  m_ObjectHideFlags: 0
  serializedVersion: 2
  m_Modification:
    m_TransformParent: {fileID: 1565345954992191877}
    m_Modifications:
    - target: {fileID: -5178661895559278292, guid: 5b4ecb51f487c6147a84c6f5fa42252c,
        type: 3}
      propertyPath: m_Mesh
      value: 
      objectReference: {fileID: -2232952877369940510, guid: 78859c74fab69934ebb6bd96fc056abb,
        type: 3}
    - target: {fileID: -4216859302048453862, guid: 5b4ecb51f487c6147a84c6f5fa42252c,
        type: 3}
      propertyPath: m_LocalPosition.x
      value: -0.8864536
      objectReference: {fileID: 0}
    - target: {fileID: -4216859302048453862, guid: 5b4ecb51f487c6147a84c6f5fa42252c,
        type: 3}
      propertyPath: m_LocalPosition.y
      value: -0.01231867
      objectReference: {fileID: 0}
    - target: {fileID: -4216859302048453862, guid: 5b4ecb51f487c6147a84c6f5fa42252c,
        type: 3}
      propertyPath: m_LocalPosition.z
      value: -0.8927231
      objectReference: {fileID: 0}
    - target: {fileID: -4216859302048453862, guid: 5b4ecb51f487c6147a84c6f5fa42252c,
        type: 3}
      propertyPath: m_LocalRotation.x
      value: -0.7203938
      objectReference: {fileID: 0}
    - target: {fileID: -4216859302048453862, guid: 5b4ecb51f487c6147a84c6f5fa42252c,
        type: 3}
      propertyPath: m_LocalRotation.y
      value: -0.013541936
      objectReference: {fileID: 0}
    - target: {fileID: -4216859302048453862, guid: 5b4ecb51f487c6147a84c6f5fa42252c,
        type: 3}
      propertyPath: m_LocalRotation.z
      value: 0.013032833
      objectReference: {fileID: 0}
    - target: {fileID: -4216859302048453862, guid: 5b4ecb51f487c6147a84c6f5fa42252c,
        type: 3}
      propertyPath: m_LocalRotation.w
      value: 0.6933106
      objectReference: {fileID: 0}
    - target: {fileID: -4216859302048453862, guid: 5b4ecb51f487c6147a84c6f5fa42252c,
        type: 3}
      propertyPath: m_RootOrder
      value: 3
      objectReference: {fileID: 0}
    - target: {fileID: -4216859302048453862, guid: 5b4ecb51f487c6147a84c6f5fa42252c,
        type: 3}
      propertyPath: m_LocalEulerAnglesHint.x
      value: -86.925
      objectReference: {fileID: 0}
    - target: {fileID: -4216859302048453862, guid: 5b4ecb51f487c6147a84c6f5fa42252c,
        type: 3}
      propertyPath: m_LocalEulerAnglesHint.y
      value: -135.56401
      objectReference: {fileID: 0}
    - target: {fileID: -4216859302048453862, guid: 5b4ecb51f487c6147a84c6f5fa42252c,
        type: 3}
      propertyPath: m_LocalEulerAnglesHint.z
      value: 135.522
      objectReference: {fileID: 0}
    - target: {fileID: -1504981713932161579, guid: 5b4ecb51f487c6147a84c6f5fa42252c,
        type: 3}
      propertyPath: m_Materials.Array.data[0]
      value: 
      objectReference: {fileID: 2100000, guid: e1e0b65a33938bd48b9773985479c3f8, type: 2}
    - target: {fileID: -927199367670048503, guid: 5b4ecb51f487c6147a84c6f5fa42252c,
        type: 3}
      propertyPath: m_Name
      value: Pilar
      objectReference: {fileID: 0}
    m_RemovedComponents: []
  m_SourcePrefab: {fileID: 100100000, guid: 5b4ecb51f487c6147a84c6f5fa42252c, type: 3}
--- !u!4 &5819650262974391648 stripped
Transform:
  m_CorrespondingSourceObject: {fileID: -4216859302048453862, guid: 5b4ecb51f487c6147a84c6f5fa42252c,
    type: 3}
  m_PrefabInstance: {fileID: 1565345954222132858}
  m_PrefabAsset: {fileID: 0}
--- !u!1001 &1565345954306301880
PrefabInstance:
  m_ObjectHideFlags: 0
  serializedVersion: 2
  m_Modification:
    m_TransformParent: {fileID: 1565345954992191877}
    m_Modifications:
    - target: {fileID: -5178661895559278292, guid: 5b4ecb51f487c6147a84c6f5fa42252c,
        type: 3}
      propertyPath: m_Mesh
      value: 
      objectReference: {fileID: -2232952877369940510, guid: 78859c74fab69934ebb6bd96fc056abb,
        type: 3}
    - target: {fileID: -4216859302048453862, guid: 5b4ecb51f487c6147a84c6f5fa42252c,
        type: 3}
      propertyPath: m_LocalPosition.x
      value: 0.8730011
      objectReference: {fileID: 0}
    - target: {fileID: -4216859302048453862, guid: 5b4ecb51f487c6147a84c6f5fa42252c,
        type: 3}
      propertyPath: m_LocalPosition.y
      value: -0.004999995
      objectReference: {fileID: 0}
    - target: {fileID: -4216859302048453862, guid: 5b4ecb51f487c6147a84c6f5fa42252c,
        type: 3}
      propertyPath: m_LocalPosition.z
      value: 0.756
      objectReference: {fileID: 0}
    - target: {fileID: -4216859302048453862, guid: 5b4ecb51f487c6147a84c6f5fa42252c,
        type: 3}
      propertyPath: m_LocalRotation.x
      value: -0.6717112
      objectReference: {fileID: 0}
    - target: {fileID: -4216859302048453862, guid: 5b4ecb51f487c6147a84c6f5fa42252c,
        type: 3}
      propertyPath: m_LocalRotation.y
      value: 0.08860583
      objectReference: {fileID: 0}
    - target: {fileID: -4216859302048453862, guid: 5b4ecb51f487c6147a84c6f5fa42252c,
        type: 3}
      propertyPath: m_LocalRotation.z
      value: 0.07823099
      objectReference: {fileID: 0}
    - target: {fileID: -4216859302048453862, guid: 5b4ecb51f487c6147a84c6f5fa42252c,
        type: 3}
      propertyPath: m_LocalRotation.w
      value: 0.73132277
      objectReference: {fileID: 0}
    - target: {fileID: -4216859302048453862, guid: 5b4ecb51f487c6147a84c6f5fa42252c,
        type: 3}
      propertyPath: m_RootOrder
      value: 2
      objectReference: {fileID: 0}
    - target: {fileID: -4216859302048453862, guid: 5b4ecb51f487c6147a84c6f5fa42252c,
        type: 3}
      propertyPath: m_LocalEulerAnglesHint.x
      value: -85.096
      objectReference: {fileID: 0}
    - target: {fileID: -4216859302048453862, guid: 5b4ecb51f487c6147a84c6f5fa42252c,
        type: 3}
      propertyPath: m_LocalEulerAnglesHint.y
      value: 16.654001
      objectReference: {fileID: 0}
    - target: {fileID: -4216859302048453862, guid: 5b4ecb51f487c6147a84c6f5fa42252c,
        type: 3}
      propertyPath: m_LocalEulerAnglesHint.z
      value: -3.0920002
      objectReference: {fileID: 0}
    - target: {fileID: -1504981713932161579, guid: 5b4ecb51f487c6147a84c6f5fa42252c,
        type: 3}
      propertyPath: m_Materials.Array.data[0]
      value: 
      objectReference: {fileID: 2100000, guid: e1e0b65a33938bd48b9773985479c3f8, type: 2}
    - target: {fileID: -927199367670048503, guid: 5b4ecb51f487c6147a84c6f5fa42252c,
        type: 3}
      propertyPath: m_Name
      value: Pilar (3)
      objectReference: {fileID: 0}
    m_RemovedComponents: []
  m_SourcePrefab: {fileID: 100100000, guid: 5b4ecb51f487c6147a84c6f5fa42252c, type: 3}
--- !u!4 &5819650263024940194 stripped
Transform:
  m_CorrespondingSourceObject: {fileID: -4216859302048453862, guid: 5b4ecb51f487c6147a84c6f5fa42252c,
    type: 3}
  m_PrefabInstance: {fileID: 1565345954306301880}
  m_PrefabAsset: {fileID: 0}
--- !u!1001 &1565345954363975817
PrefabInstance:
  m_ObjectHideFlags: 0
  serializedVersion: 2
  m_Modification:
    m_TransformParent: {fileID: 1565345954992191877}
    m_Modifications:
    - target: {fileID: -5178661895559278292, guid: 5b4ecb51f487c6147a84c6f5fa42252c,
        type: 3}
      propertyPath: m_Mesh
      value: 
      objectReference: {fileID: -2232952877369940510, guid: 78859c74fab69934ebb6bd96fc056abb,
        type: 3}
    - target: {fileID: -4216859302048453862, guid: 5b4ecb51f487c6147a84c6f5fa42252c,
        type: 3}
      propertyPath: m_LocalPosition.x
      value: -0.8249998
      objectReference: {fileID: 0}
    - target: {fileID: -4216859302048453862, guid: 5b4ecb51f487c6147a84c6f5fa42252c,
        type: 3}
      propertyPath: m_LocalPosition.y
      value: -0.008000016
      objectReference: {fileID: 0}
    - target: {fileID: -4216859302048453862, guid: 5b4ecb51f487c6147a84c6f5fa42252c,
        type: 3}
      propertyPath: m_LocalPosition.z
      value: 0.877
      objectReference: {fileID: 0}
    - target: {fileID: -4216859302048453862, guid: 5b4ecb51f487c6147a84c6f5fa42252c,
        type: 3}
      propertyPath: m_LocalRotation.x
      value: -0.6880585
      objectReference: {fileID: 0}
    - target: {fileID: -4216859302048453862, guid: 5b4ecb51f487c6147a84c6f5fa42252c,
        type: 3}
      propertyPath: m_LocalRotation.y
      value: -0.0212663
      objectReference: {fileID: 0}
    - target: {fileID: -4216859302048453862, guid: 5b4ecb51f487c6147a84c6f5fa42252c,
        type: 3}
      propertyPath: m_LocalRotation.z
      value: 0.022408003
      objectReference: {fileID: 0}
    - target: {fileID: -4216859302048453862, guid: 5b4ecb51f487c6147a84c6f5fa42252c,
        type: 3}
      propertyPath: m_LocalRotation.w
      value: 0.7249974
      objectReference: {fileID: 0}
    - target: {fileID: -4216859302048453862, guid: 5b4ecb51f487c6147a84c6f5fa42252c,
        type: 3}
      propertyPath: m_RootOrder
      value: 1
      objectReference: {fileID: 0}
    - target: {fileID: -4216859302048453862, guid: 5b4ecb51f487c6147a84c6f5fa42252c,
        type: 3}
      propertyPath: m_LocalEulerAnglesHint.x
      value: -85.364006
      objectReference: {fileID: 0}
    - target: {fileID: -4216859302048453862, guid: 5b4ecb51f487c6147a84c6f5fa42252c,
        type: 3}
      propertyPath: m_LocalEulerAnglesHint.y
      value: -49.730003
      objectReference: {fileID: 0}
    - target: {fileID: -4216859302048453862, guid: 5b4ecb51f487c6147a84c6f5fa42252c,
        type: 3}
      propertyPath: m_LocalEulerAnglesHint.z
      value: 49.822002
      objectReference: {fileID: 0}
    - target: {fileID: -1504981713932161579, guid: 5b4ecb51f487c6147a84c6f5fa42252c,
        type: 3}
      propertyPath: m_Materials.Array.data[0]
      value: 
      objectReference: {fileID: 2100000, guid: e1e0b65a33938bd48b9773985479c3f8, type: 2}
    - target: {fileID: -927199367670048503, guid: 5b4ecb51f487c6147a84c6f5fa42252c,
        type: 3}
      propertyPath: m_Name
      value: Pilar (2)
      objectReference: {fileID: 0}
    m_RemovedComponents: []
  m_SourcePrefab: {fileID: 100100000, guid: 5b4ecb51f487c6147a84c6f5fa42252c, type: 3}
--- !u!4 &5819650263114056595 stripped
Transform:
  m_CorrespondingSourceObject: {fileID: -4216859302048453862, guid: 5b4ecb51f487c6147a84c6f5fa42252c,
    type: 3}
  m_PrefabInstance: {fileID: 1565345954363975817}
  m_PrefabAsset: {fileID: 0}
--- !u!1001 &2020952515955916680
PrefabInstance:
  m_ObjectHideFlags: 0
  serializedVersion: 2
  m_Modification:
    m_TransformParent: {fileID: 1565345954992191877}
    m_Modifications:
    - target: {fileID: -4216859302048453862, guid: fdf574bbfa469cb418e07eb78752aad5,
        type: 3}
      propertyPath: m_LocalPosition.x
      value: 0.007547379
      objectReference: {fileID: 0}
    - target: {fileID: -4216859302048453862, guid: fdf574bbfa469cb418e07eb78752aad5,
        type: 3}
      propertyPath: m_LocalPosition.y
      value: 1.816
      objectReference: {fileID: 0}
    - target: {fileID: -4216859302048453862, guid: fdf574bbfa469cb418e07eb78752aad5,
        type: 3}
      propertyPath: m_LocalPosition.z
      value: 0.004000001
      objectReference: {fileID: 0}
    - target: {fileID: -4216859302048453862, guid: fdf574bbfa469cb418e07eb78752aad5,
        type: 3}
      propertyPath: m_LocalRotation.x
      value: -0.7071068
      objectReference: {fileID: 0}
    - target: {fileID: -4216859302048453862, guid: fdf574bbfa469cb418e07eb78752aad5,
        type: 3}
      propertyPath: m_LocalRotation.y
      value: -0
      objectReference: {fileID: 0}
    - target: {fileID: -4216859302048453862, guid: fdf574bbfa469cb418e07eb78752aad5,
        type: 3}
      propertyPath: m_LocalRotation.z
      value: -0
      objectReference: {fileID: 0}
    - target: {fileID: -4216859302048453862, guid: fdf574bbfa469cb418e07eb78752aad5,
        type: 3}
      propertyPath: m_LocalRotation.w
      value: 0.7071068
      objectReference: {fileID: 0}
    - target: {fileID: -4216859302048453862, guid: fdf574bbfa469cb418e07eb78752aad5,
        type: 3}
      propertyPath: m_RootOrder
      value: 4
      objectReference: {fileID: 0}
    - target: {fileID: -4216859302048453862, guid: fdf574bbfa469cb418e07eb78752aad5,
        type: 3}
      propertyPath: m_LocalEulerAnglesHint.x
      value: 0
      objectReference: {fileID: 0}
    - target: {fileID: -4216859302048453862, guid: fdf574bbfa469cb418e07eb78752aad5,
        type: 3}
      propertyPath: m_LocalEulerAnglesHint.y
      value: 0
      objectReference: {fileID: 0}
    - target: {fileID: -4216859302048453862, guid: fdf574bbfa469cb418e07eb78752aad5,
        type: 3}
      propertyPath: m_LocalEulerAnglesHint.z
      value: 0
      objectReference: {fileID: 0}
    - target: {fileID: -4216859302048453862, guid: fdf574bbfa469cb418e07eb78752aad5,
        type: 3}
      propertyPath: m_LocalScale.x
      value: 1
      objectReference: {fileID: 0}
    - target: {fileID: -4216859302048453862, guid: fdf574bbfa469cb418e07eb78752aad5,
        type: 3}
      propertyPath: m_LocalScale.y
      value: 1
      objectReference: {fileID: 0}
    - target: {fileID: -4216859302048453862, guid: fdf574bbfa469cb418e07eb78752aad5,
        type: 3}
      propertyPath: m_LocalScale.z
      value: 1
      objectReference: {fileID: 0}
    - target: {fileID: -1504981713932161579, guid: fdf574bbfa469cb418e07eb78752aad5,
        type: 3}
      propertyPath: m_Materials.Array.data[0]
      value: 
      objectReference: {fileID: 2100000, guid: a5aa30ef08c84fe429e5f744bb85f802, type: 2}
    - target: {fileID: -927199367670048503, guid: fdf574bbfa469cb418e07eb78752aad5,
        type: 3}
      propertyPath: m_Name
      value: Roof
      objectReference: {fileID: 0}
    m_RemovedComponents: []
  m_SourcePrefab: {fileID: 100100000, guid: fdf574bbfa469cb418e07eb78752aad5, type: 3}
--- !u!4 &6445048358034887826 stripped
Transform:
  m_CorrespondingSourceObject: {fileID: -4216859302048453862, guid: fdf574bbfa469cb418e07eb78752aad5,
    type: 3}
  m_PrefabInstance: {fileID: 2020952515955916680}
  m_PrefabAsset: {fileID: 0}
--- !u!1001 &3061116766873963852
PrefabInstance:
  m_ObjectHideFlags: 0
  serializedVersion: 2
  m_Modification:
    m_TransformParent: {fileID: 1565345954992191877}
    m_Modifications:
    - target: {fileID: 6660421982882584988, guid: bf7e4925e3496414db472ce3cbfe4d57,
        type: 3}
      propertyPath: InitialModule.startSize.scalar
      value: 0.8
      objectReference: {fileID: 0}
    - target: {fileID: 6660421982882584988, guid: bf7e4925e3496414db472ce3cbfe4d57,
        type: 3}
      propertyPath: InitialModule.startSize.minScalar
      value: 0.2
      objectReference: {fileID: 0}
    - target: {fileID: 6660421982882584989, guid: bf7e4925e3496414db472ce3cbfe4d57,
        type: 3}
      propertyPath: m_LocalPosition.x
      value: 0.005
      objectReference: {fileID: 0}
    - target: {fileID: 6660421982882584989, guid: bf7e4925e3496414db472ce3cbfe4d57,
        type: 3}
      propertyPath: m_LocalPosition.y
      value: 2.862
      objectReference: {fileID: 0}
    - target: {fileID: 6660421982882584989, guid: bf7e4925e3496414db472ce3cbfe4d57,
        type: 3}
      propertyPath: m_LocalPosition.z
      value: 0.864
      objectReference: {fileID: 0}
    - target: {fileID: 6660421982882584989, guid: bf7e4925e3496414db472ce3cbfe4d57,
        type: 3}
      propertyPath: m_LocalRotation.x
      value: -0.6184084
      objectReference: {fileID: 0}
    - target: {fileID: 6660421982882584989, guid: bf7e4925e3496414db472ce3cbfe4d57,
        type: 3}
      propertyPath: m_LocalRotation.y
      value: 0
      objectReference: {fileID: 0}
    - target: {fileID: 6660421982882584989, guid: bf7e4925e3496414db472ce3cbfe4d57,
        type: 3}
      propertyPath: m_LocalRotation.z
      value: 0
      objectReference: {fileID: 0}
    - target: {fileID: 6660421982882584989, guid: bf7e4925e3496414db472ce3cbfe4d57,
        type: 3}
      propertyPath: m_LocalRotation.w
      value: 0.7858569
      objectReference: {fileID: 0}
    - target: {fileID: 6660421982882584989, guid: bf7e4925e3496414db472ce3cbfe4d57,
        type: 3}
      propertyPath: m_RootOrder
      value: 6
      objectReference: {fileID: 0}
    - target: {fileID: 6660421982882584989, guid: bf7e4925e3496414db472ce3cbfe4d57,
        type: 3}
      propertyPath: m_LocalEulerAnglesHint.x
      value: -76.4
      objectReference: {fileID: 0}
    - target: {fileID: 6660421982882584989, guid: bf7e4925e3496414db472ce3cbfe4d57,
        type: 3}
      propertyPath: m_LocalEulerAnglesHint.y
      value: 0
      objectReference: {fileID: 0}
    - target: {fileID: 6660421982882584989, guid: bf7e4925e3496414db472ce3cbfe4d57,
        type: 3}
      propertyPath: m_LocalEulerAnglesHint.z
      value: 0
      objectReference: {fileID: 0}
    - target: {fileID: 6660421982882584990, guid: bf7e4925e3496414db472ce3cbfe4d57,
        type: 3}
      propertyPath: m_Name
      value: PS_Smoke
      objectReference: {fileID: 0}
    m_RemovedComponents: []
  m_SourcePrefab: {fileID: 100100000, guid: bf7e4925e3496414db472ce3cbfe4d57, type: 3}
--- !u!4 &8508944541446345937 stripped
Transform:
  m_CorrespondingSourceObject: {fileID: 6660421982882584989, guid: bf7e4925e3496414db472ce3cbfe4d57,
    type: 3}
  m_PrefabInstance: {fileID: 3061116766873963852}
  m_PrefabAsset: {fileID: 0}
--- !u!1001 &5914260433282389111
PrefabInstance:
  m_ObjectHideFlags: 0
  serializedVersion: 2
  m_Modification:
    m_TransformParent: {fileID: 1565345954992191877}
    m_Modifications:
    - target: {fileID: -4216859302048453862, guid: 891c0797b989b4d44bba587e9f0b222a,
        type: 3}
      propertyPath: m_LocalPosition.x
      value: 0.007547379
      objectReference: {fileID: 0}
    - target: {fileID: -4216859302048453862, guid: 891c0797b989b4d44bba587e9f0b222a,
        type: 3}
      propertyPath: m_LocalPosition.y
      value: -0.01410359
      objectReference: {fileID: 0}
    - target: {fileID: -4216859302048453862, guid: 891c0797b989b4d44bba587e9f0b222a,
        type: 3}
      propertyPath: m_LocalPosition.z
      value: 0.003661385
      objectReference: {fileID: 0}
    - target: {fileID: -4216859302048453862, guid: 891c0797b989b4d44bba587e9f0b222a,
        type: 3}
      propertyPath: m_LocalRotation.x
      value: -0.7071068
      objectReference: {fileID: 0}
    - target: {fileID: -4216859302048453862, guid: 891c0797b989b4d44bba587e9f0b222a,
        type: 3}
      propertyPath: m_LocalRotation.y
      value: -0
      objectReference: {fileID: 0}
    - target: {fileID: -4216859302048453862, guid: 891c0797b989b4d44bba587e9f0b222a,
        type: 3}
      propertyPath: m_LocalRotation.z
      value: -0
      objectReference: {fileID: 0}
    - target: {fileID: -4216859302048453862, guid: 891c0797b989b4d44bba587e9f0b222a,
        type: 3}
      propertyPath: m_LocalRotation.w
      value: 0.7071068
      objectReference: {fileID: 0}
    - target: {fileID: -4216859302048453862, guid: 891c0797b989b4d44bba587e9f0b222a,
        type: 3}
      propertyPath: m_RootOrder
      value: 5
      objectReference: {fileID: 0}
    - target: {fileID: -4216859302048453862, guid: 891c0797b989b4d44bba587e9f0b222a,
        type: 3}
      propertyPath: m_LocalEulerAnglesHint.x
      value: 0
      objectReference: {fileID: 0}
    - target: {fileID: -4216859302048453862, guid: 891c0797b989b4d44bba587e9f0b222a,
        type: 3}
      propertyPath: m_LocalEulerAnglesHint.y
      value: 0
      objectReference: {fileID: 0}
    - target: {fileID: -4216859302048453862, guid: 891c0797b989b4d44bba587e9f0b222a,
        type: 3}
      propertyPath: m_LocalEulerAnglesHint.z
      value: 0
      objectReference: {fileID: 0}
    - target: {fileID: -927199367670048503, guid: 891c0797b989b4d44bba587e9f0b222a,
        type: 3}
      propertyPath: m_Name
      value: House
      objectReference: {fileID: 0}
    m_RemovedComponents: []
  m_SourcePrefab: {fileID: 100100000, guid: 891c0797b989b4d44bba587e9f0b222a, type: 3}
--- !u!4 &1686906241188134765 stripped
Transform:
  m_CorrespondingSourceObject: {fileID: -4216859302048453862, guid: 891c0797b989b4d44bba587e9f0b222a,
    type: 3}
  m_PrefabInstance: {fileID: 5914260433282389111}
  m_PrefabAsset: {fileID: 0}
