%YAML 1.1
%TAG !u! tag:unity3d.com,2011:
--- !u!1 &2765109737592318956
GameObject:
  m_ObjectHideFlags: 0
  m_CorrespondingSourceObject: {fileID: 0}
  m_PrefabInstance: {fileID: 0}
  m_PrefabAsset: {fileID: 0}
  serializedVersion: 6
  m_Component:
  - component: {fileID: 6254222401790721888}
  - component: {fileID: 5892437006595531987}
  - component: {fileID: 7763652249548830635}
  m_Layer: 0
  m_Name: GameObject
  m_TagString: Untagged
  m_Icon: {fileID: 0}
  m_NavMeshLayer: 0
  m_StaticEditorFlags: 0
  m_IsActive: 1
--- !u!4 &6254222401790721888
Transform:
  m_ObjectHideFlags: 0
  m_CorrespondingSourceObject: {fileID: 0}
  m_PrefabInstance: {fileID: 0}
  m_PrefabAsset: {fileID: 0}
  m_GameObject: {fileID: 2765109737592318956}
  m_LocalRotation: {x: -0.0000000074505797, y: -0.000000059604638, z: -0.9740452,
    w: -0.22635336}
  m_LocalPosition: {x: -0.0224, y: -0.0049, z: -0.069}
  m_LocalScale: {x: 1, y: 1, z: 1}
  m_Children: []
  m_Father: {fileID: 1118696486479245055}
  m_RootOrder: 0
  m_LocalEulerAnglesHint: {x: 0, y: 0, z: -206.165}
--- !u!23 &5892437006595531987
MeshRenderer:
  m_ObjectHideFlags: 0
  m_CorrespondingSourceObject: {fileID: 0}
  m_PrefabInstance: {fileID: 0}
  m_PrefabAsset: {fileID: 0}
  m_GameObject: {fileID: 2765109737592318956}
  m_Enabled: 1
  m_CastShadows: 1
  m_ReceiveShadows: 1
  m_DynamicOccludee: 1
  m_MotionVectors: 1
  m_LightProbeUsage: 1
  m_ReflectionProbeUsage: 1
  m_RenderingLayerMask: 1
  m_RendererPriority: 0
  m_Materials:
  - {fileID: 2100000, guid: 0d2cd53965ca54eab86a4fe7df790cff, type: 2}
  m_StaticBatchInfo:
    firstSubMesh: 0
    subMeshCount: 0
  m_StaticBatchRoot: {fileID: 0}
  m_ProbeAnchor: {fileID: 0}
  m_LightProbeVolumeOverride: {fileID: 0}
  m_ScaleInLightmap: 1
  m_ReceiveGI: 1
  m_PreserveUVs: 0
  m_IgnoreNormalsForChartDetection: 0
  m_ImportantGI: 0
  m_StitchLightmapSeams: 1
  m_SelectedEditorRenderState: 3
  m_MinimumChartSize: 4
  m_AutoUVMaxDistance: 0.5
  m_AutoUVMaxAngle: 89
  m_LightmapParameters: {fileID: 0}
  m_SortingLayerID: 0
  m_SortingLayer: 0
  m_SortingOrder: 0
--- !u!33 &7763652249548830635
MeshFilter:
  m_ObjectHideFlags: 0
  m_CorrespondingSourceObject: {fileID: 0}
  m_PrefabInstance: {fileID: 0}
  m_PrefabAsset: {fileID: 0}
  m_GameObject: {fileID: 2765109737592318956}
  m_Mesh: {fileID: 2534964839176971238, guid: c4c2d03eadc12d843beedabb2b987c0c, type: 3}
--- !u!1 &4169543118125030636
GameObject:
  m_ObjectHideFlags: 0
  m_CorrespondingSourceObject: {fileID: 0}
  m_PrefabInstance: {fileID: 0}
  m_PrefabAsset: {fileID: 0}
  serializedVersion: 6
  m_Component:
  - component: {fileID: 1118696486479245055}
  - component: {fileID: 8276892877357683913}
  - component: {fileID: 2441486818191239216}
  - component: {fileID: 6993082272711050117}
  - component: {fileID: 1596490356162274055}
  m_Layer: 0
  m_Name: P_Tree1
  m_TagString: Untagged
  m_Icon: {fileID: 0}
  m_NavMeshLayer: 0
  m_StaticEditorFlags: 0
  m_IsActive: 1
--- !u!4 &1118696486479245055
Transform:
  m_ObjectHideFlags: 0
  m_CorrespondingSourceObject: {fileID: 0}
  m_PrefabInstance: {fileID: 0}
  m_PrefabAsset: {fileID: 0}
  m_GameObject: {fileID: 4169543118125030636}
  m_LocalRotation: {x: -0.7069834, y: 0, z: 0, w: 0.7072302}
  m_LocalPosition: {x: -5.4591756, y: 2.159092, z: -0.7103419}
  m_LocalScale: {x: 15.52953, y: 15.52953, z: 15.52953}
  m_Children:
  - {fileID: 6254222401790721888}
  - {fileID: 6309590237998932749}
  m_Father: {fileID: 0}
  m_RootOrder: 0
  m_LocalEulerAnglesHint: {x: -89.98, y: 0, z: 0}
--- !u!33 &8276892877357683913
MeshFilter:
  m_ObjectHideFlags: 0
  m_CorrespondingSourceObject: {fileID: 0}
  m_PrefabInstance: {fileID: 0}
  m_PrefabAsset: {fileID: 0}
  m_GameObject: {fileID: 4169543118125030636}
  m_Mesh: {fileID: -1579241630799410176, guid: 693079f130842ae46970c13f9bc6a19e, type: 3}
--- !u!23 &2441486818191239216
MeshRenderer:
  m_ObjectHideFlags: 0
  m_CorrespondingSourceObject: {fileID: 0}
  m_PrefabInstance: {fileID: 0}
  m_PrefabAsset: {fileID: 0}
  m_GameObject: {fileID: 4169543118125030636}
  m_Enabled: 1
  m_CastShadows: 1
  m_ReceiveShadows: 1
  m_DynamicOccludee: 1
  m_MotionVectors: 1
  m_LightProbeUsage: 1
  m_ReflectionProbeUsage: 1
  m_RenderingLayerMask: 1
  m_RendererPriority: 0
  m_Materials:
  - {fileID: 2100000, guid: f6d9af10061cc4d7f9491fb8663e9f01, type: 2}
  m_StaticBatchInfo:
    firstSubMesh: 0
    subMeshCount: 0
  m_StaticBatchRoot: {fileID: 0}
  m_ProbeAnchor: {fileID: 0}
  m_LightProbeVolumeOverride: {fileID: 0}
  m_ScaleInLightmap: 1
  m_ReceiveGI: 1
  m_PreserveUVs: 0
  m_IgnoreNormalsForChartDetection: 0
  m_ImportantGI: 0
  m_StitchLightmapSeams: 1
  m_SelectedEditorRenderState: 3
  m_MinimumChartSize: 4
  m_AutoUVMaxDistance: 0.5
  m_AutoUVMaxAngle: 89
  m_LightmapParameters: {fileID: 0}
  m_SortingLayerID: 0
  m_SortingLayer: 0
  m_SortingOrder: 0
--- !u!95 &6993082272711050117
Animator:
  serializedVersion: 3
  m_ObjectHideFlags: 0
  m_CorrespondingSourceObject: {fileID: 0}
  m_PrefabInstance: {fileID: 0}
  m_PrefabAsset: {fileID: 0}
  m_GameObject: {fileID: 4169543118125030636}
  m_Enabled: 1
  m_Avatar: {fileID: 9000000, guid: 7b1d630829f54de4980dfb3802f8ffc0, type: 3}
  m_Controller: {fileID: 0}
  m_CullingMode: 0
  m_UpdateMode: 0
  m_ApplyRootMotion: 0
  m_LinearVelocityBlending: 0
  m_WarningMessage: 
  m_HasTransformHierarchy: 1
  m_AllowConstantClipSamplingOptimization: 1
  m_KeepAnimatorControllerStateOnDisable: 0
--- !u!65 &1596490356162274055
BoxCollider:
  m_ObjectHideFlags: 0
  m_CorrespondingSourceObject: {fileID: 0}
  m_PrefabInstance: {fileID: 0}
  m_PrefabAsset: {fileID: 0}
  m_GameObject: {fileID: 4169543118125030636}
  m_Material: {fileID: 0}
  m_IsTrigger: 0
  m_Enabled: 1
  serializedVersion: 2
  m_Size: {x: 0.03560637, y: 0.038540814, z: 0.10798537}
  m_Center: {x: -0.03624251, y: -0.0015297538, z: -0.095452614}
--- !u!1001 &3986329960278563503
PrefabInstance:
  m_ObjectHideFlags: 0
  serializedVersion: 2
  m_Modification:
    m_TransformParent: {fileID: 1118696486479245055}
    m_Modifications:
    - target: {fileID: 123648917792809732, guid: 67b859ff8dc3d474797bdef327750ab7,
        type: 3}
      propertyPath: m_Name
      value: PS_Feuillage
      objectReference: {fileID: 0}
    - target: {fileID: 532795332887948543, guid: 67b859ff8dc3d474797bdef327750ab7,
        type: 3}
      propertyPath: ShapeModule.radius.value
      value: 0.8
      objectReference: {fileID: 0}
    - target: {fileID: 1825792594267828737, guid: 67b859ff8dc3d474797bdef327750ab7,
        type: 3}
      propertyPath: ShapeModule.radius.value
      value: 0.8
      objectReference: {fileID: 0}
    - target: {fileID: 3527781570285790479, guid: 67b859ff8dc3d474797bdef327750ab7,
        type: 3}
      propertyPath: m_LocalRotation.x
      value: 0
      objectReference: {fileID: 0}
    - target: {fileID: 3527781570285790479, guid: 67b859ff8dc3d474797bdef327750ab7,
        type: 3}
      propertyPath: m_LocalRotation.y
      value: 0
      objectReference: {fileID: 0}
    - target: {fileID: 3527781570285790479, guid: 67b859ff8dc3d474797bdef327750ab7,
        type: 3}
      propertyPath: m_LocalRotation.z
      value: 0
      objectReference: {fileID: 0}
    - target: {fileID: 3527781570285790479, guid: 67b859ff8dc3d474797bdef327750ab7,
        type: 3}
      propertyPath: m_LocalRotation.w
      value: 1
      objectReference: {fileID: 0}
    - target: {fileID: 3527781570285790479, guid: 67b859ff8dc3d474797bdef327750ab7,
        type: 3}
      propertyPath: m_LocalPosition.x
      value: 0
      objectReference: {fileID: 0}
    - target: {fileID: 3527781570285790479, guid: 67b859ff8dc3d474797bdef327750ab7,
        type: 3}
      propertyPath: m_LocalPosition.y
      value: 0
      objectReference: {fileID: 0}
    - target: {fileID: 3527781570285790479, guid: 67b859ff8dc3d474797bdef327750ab7,
        type: 3}
      propertyPath: m_LocalPosition.z
      value: 0
      objectReference: {fileID: 0}
    - target: {fileID: 3527781570285790479, guid: 67b859ff8dc3d474797bdef327750ab7,
        type: 3}
      propertyPath: m_LocalEulerAnglesHint.x
      value: 0
      objectReference: {fileID: 0}
    - target: {fileID: 6590431481342365990, guid: 67b859ff8dc3d474797bdef327750ab7,
        type: 3}
      propertyPath: m_LocalRotation.x
      value: 0
      objectReference: {fileID: 0}
    - target: {fileID: 6590431481342365990, guid: 67b859ff8dc3d474797bdef327750ab7,
        type: 3}
      propertyPath: m_LocalRotation.y
      value: 0
      objectReference: {fileID: 0}
    - target: {fileID: 6590431481342365990, guid: 67b859ff8dc3d474797bdef327750ab7,
        type: 3}
      propertyPath: m_LocalRotation.z
      value: 0
      objectReference: {fileID: 0}
    - target: {fileID: 6590431481342365990, guid: 67b859ff8dc3d474797bdef327750ab7,
        type: 3}
      propertyPath: m_LocalRotation.w
      value: 1
      objectReference: {fileID: 0}
    - target: {fileID: 6590431481342365990, guid: 67b859ff8dc3d474797bdef327750ab7,
        type: 3}
      propertyPath: m_LocalPosition.x
      value: 0
      objectReference: {fileID: 0}
    - target: {fileID: 6590431481342365990, guid: 67b859ff8dc3d474797bdef327750ab7,
        type: 3}
      propertyPath: m_LocalPosition.y
      value: 0
      objectReference: {fileID: 0}
    - target: {fileID: 6590431481342365990, guid: 67b859ff8dc3d474797bdef327750ab7,
        type: 3}
      propertyPath: m_LocalPosition.z
      value: 0
      objectReference: {fileID: 0}
    - target: {fileID: 6590431481342365990, guid: 67b859ff8dc3d474797bdef327750ab7,
        type: 3}
      propertyPath: m_LocalEulerAnglesHint.x
      value: 0
      objectReference: {fileID: 0}
    - target: {fileID: 6972244154593343906, guid: 67b859ff8dc3d474797bdef327750ab7,
        type: 3}
      propertyPath: m_LocalPosition.x
      value: -0.002
      objectReference: {fileID: 0}
    - target: {fileID: 6972244154593343906, guid: 67b859ff8dc3d474797bdef327750ab7,
        type: 3}
      propertyPath: m_LocalPosition.y
      value: -0.006
      objectReference: {fileID: 0}
    - target: {fileID: 6972244154593343906, guid: 67b859ff8dc3d474797bdef327750ab7,
        type: 3}
      propertyPath: m_LocalPosition.z
      value: 0
      objectReference: {fileID: 0}
    - target: {fileID: 6972244154593343906, guid: 67b859ff8dc3d474797bdef327750ab7,
        type: 3}
      propertyPath: m_LocalRotation.x
      value: 0
      objectReference: {fileID: 0}
    - target: {fileID: 6972244154593343906, guid: 67b859ff8dc3d474797bdef327750ab7,
        type: 3}
      propertyPath: m_LocalRotation.y
      value: 0
      objectReference: {fileID: 0}
    - target: {fileID: 6972244154593343906, guid: 67b859ff8dc3d474797bdef327750ab7,
        type: 3}
      propertyPath: m_LocalRotation.z
      value: 0
      objectReference: {fileID: 0}
    - target: {fileID: 6972244154593343906, guid: 67b859ff8dc3d474797bdef327750ab7,
        type: 3}
      propertyPath: m_LocalRotation.w
      value: 1
      objectReference: {fileID: 0}
    - target: {fileID: 6972244154593343906, guid: 67b859ff8dc3d474797bdef327750ab7,
        type: 3}
      propertyPath: m_RootOrder
      value: 1
      objectReference: {fileID: 0}
    - target: {fileID: 6972244154593343906, guid: 67b859ff8dc3d474797bdef327750ab7,
        type: 3}
      propertyPath: m_LocalEulerAnglesHint.x
      value: 0
      objectReference: {fileID: 0}
    - target: {fileID: 6972244154593343906, guid: 67b859ff8dc3d474797bdef327750ab7,
        type: 3}
      propertyPath: m_LocalEulerAnglesHint.y
      value: 0
      objectReference: {fileID: 0}
    - target: {fileID: 6972244154593343906, guid: 67b859ff8dc3d474797bdef327750ab7,
        type: 3}
      propertyPath: m_LocalEulerAnglesHint.z
      value: 0
      objectReference: {fileID: 0}
    m_RemovedComponents: []
  m_SourcePrefab: {fileID: 100100000, guid: 67b859ff8dc3d474797bdef327750ab7, type: 3}
--- !u!4 &6309590237998932749 stripped
Transform:
  m_CorrespondingSourceObject: {fileID: 6972244154593343906, guid: 67b859ff8dc3d474797bdef327750ab7,
    type: 3}
  m_PrefabInstance: {fileID: 3986329960278563503}
  m_PrefabAsset: {fileID: 0}
